
@article{ruiz-suarez2022,
	title = {Hidden Markov and Semi-Markov Models When and Why are These Models Useful for Classifying States in Time Series Data?},
	author = {Ruiz-Suarez, Sofia and Leos-Barajas, Vianey and Morales, Juan Manuel},
	year = {2022},
	month = {01},
	date = {2022-01-17},
	journal = {Journal of Agricultural, Biological and Environmental Statistics},
	doi = {10.1007/s13253-021-00483-x},
	url = {http://dx.doi.org/10.1007/s13253-021-00483-x},
	langid = {en}
}
